<?xml version="1.0" encoding="UTF-8"?><collection xmlns="http://www.loc.gov/MARC21/slim"><record><leader>00420nam--2200145-i-4500</leader><controlfield tag="001">000011965</controlfield><controlfield tag="002">20161230</controlfield><controlfield tag="005">20170207002405</controlfield><controlfield tag="008">060222s1000------------r-----000-0-eng-d</controlfield><datafield ind1=" " ind2=" " tag="245"><subfield code="a">Bestimungen uber die beforderung radioaktiver stoffe. Lieferung</subfield></datafield><datafield ind1=" " ind2=" " tag="260"><subfield code="a">Baden-Baden</subfield><subfield code="b">Nomos Verlagsgesellschaft</subfield><subfield code="c">1971</subfield></datafield><datafield ind1=" " ind2=" " tag="300"><subfield code="a">/P.Dif.</subfield></datafield><datafield ind1=" " ind2=" " tag="700"><subfield code="a">Blechschmidt, Manfred</subfield></datafield><datafield ind1=" " ind2=" " tag="852"><subfield code="a">546.02.002.71</subfield></datafield><datafield ind1=" " ind2=" " tag="CAT"><subfield code="a">SYS</subfield><subfield code="c">20170207</subfield><subfield code="h">002405</subfield></datafield></record></collection>